@book{ICT,
    author = "Gareth A. Jones and J. Mary Jones",
    title = "Information and Coding Theory",
    year = 2000
}
